
@article{gammas,
	author={B. Loher,V. Derya, et. al.},
	title={The high-efficiency $\gamma$-ray spectroscopy setup $\gamma$-3 at HI$\gamma$S},
	journal={Nuclear Instruments and Methods in Physics Research Section A},
	year={2013},
	month={Apr},
	day={23},
	url={https://arxiv.org/abs/1304.6270v1}
}


@book{Knoll,
  title={Radiation Detection and Measurement},
  author={Knoll, Glenn},
  pages={425-435},
  year={1999},
  publisher={John Wiley \& Sons, Inc.}
}

@InProceedings{ensdf,
author="Bhat, M. R.",
editor="Qaim, Syed M.",
title="Evaluated Nuclear Structure Data File (ENSDF)",
booktitle="Nuclear Data for Science and Technology",
year="1992",
publisher="Springer Berlin Heidelberg",
address="Berlin, Heidelberg",
pages="817-821",
abstract="The Evaluated Nuclear Structure Data File (ENSDF), is maintained by the National Nuclear Data Center (NNDC) on behalf of the international Nuclear Structure and Decay Data (NSDD) network organized under the auspices of the International Atomic Energy Agency. ENSDF provides evaluated experimental nuclear structure and decay data for basic and applied research. The activities of the NSDD network, the publication of the evaluations, and their use in different applications are described. Since 1986, the ENSDF and related numeric and bibliographic data bases have been made available for on-line access. The current status of these data bases, and future plans to improve the on-line access to their contents are discussed.",
isbn="978-3-642-58113-7"
}

@article{TARKANYI2016262,
title = "Activation cross sections of proton and deuteron induced nuclear reactions on holmium and erbium, related to the production of 161Er and 160Er medical isotopes",
journal = "Applied Radiation and Isotopes",
volume = "115",
pages = "262 - 266",
year = "2016",
issn = "0969-8043",
doi = "https://doi.org/10.1016/j.apradiso.2016.07.003",
url = "http://www.sciencedirect.com/science/article/pii/S0969804316303529",
author = "F. Tárkányi and F. Ditrói and S. Takács and A. Hermanne and M. Baba",
keywords = "Holmium and erbium target, proton and deuteron irradiation, Er radioisotopes, Dy radioisotopes"
}

@article{nuclear_data_needs,
author = {Bernstein, L.A. and Brown, David and Hurst, Aaron and Kelly, John and Kondev, Filip and Mccutchan, E and Nesaraja, Caroline and Slaybaugh, R and Sonzogni, Alejandro},
year = {2015},
month = {10},
pages = {},
title = {Nuclear Data Needs and Capabilities for Applications}
}


@article{ZIEGLER20101818,
title = "SRIM – The stopping and range of ions in matter (2010)",
journal = "Nuclear Instruments and Methods in Physics Research Section B: Beam Interactions with Materials and Atoms",
volume = "268",
number = "11",
pages = "1818 - 1823",
year = "2010",
note = "19th International Conference on Ion Beam Analysis",
issn = "0168-583X",
doi = "https://doi.org/10.1016/j.nimb.2010.02.091",
url = "http://www.sciencedirect.com/science/article/pii/S0168583X10001862",
author = "James F. Ziegler and M.D. Ziegler and J.P. Biersack",
keywords = "SRIM, Ion stopping, Stopping power, Stopping force, Ion range"
}


@article{TALYS,
title="TALYS-1.8: A nuclear reaction program.",
journal="User manual",
year="2015",
month="December",
author="A. J. Koning, S. Hilaire, and S. Goriely",
url="http://www.talys.eu/download-talys",
note="NRG, Netherlands"
}

@article{PhysRev.87.366,
  title = {The Inelastic Scattering of Neutrons},
  author = {Hauser, Walter and Feshbach, Herman},
  journal = {Phys. Rev.},
  volume = {87},
  issue = {2},
  pages = {366--373},
  numpages = {0},
  year = {1952},
  month = {Jul},
  publisher = {American Physical Society},
  doi = {10.1103/PhysRev.87.366},
  url = {https://link.aps.org/doi/10.1103/PhysRev.87.366}
}


@article{KONING2003231,
title = "Local and global nucleon optical models from 1 keV to 200 MeV",
journal = "Nuclear Physics A",
volume = "713",
number = "3",
pages = "231 - 310",
year = "2003",
issn = "0375-9474",
doi = "https://doi.org/10.1016/S0375-9474(02)01321-0",
url = "http://www.sciencedirect.com/science/article/pii/S0375947402013210",
author = "A.J. Koning and J.P. Delaroche"
}

@article{DILG1973269,
title = "Level density parameters for the back-shifted fermi gas model in the mass range 40 < A < 250",
journal = "Nuclear Physics A",
volume = "217",
number = "2",
pages = "269 - 298",
year = "1973",
issn = "0375-9474",
doi = "https://doi.org/10.1016/0375-9474(73)90196-6",
url = "http://www.sciencedirect.com/science/article/pii/0375947473901966",
author = "W. Dilg and W. Schantl and H. Vonach and M. Uhl"
}

@article{BRINK1957215,
title = "Individual particle and collective aspects of the nuclear photoeffect",
journal = "Nuclear Physics",
volume = "4",
pages = "215 - 220",
year = "1957",
issn = "0029-5582",
doi = "https://doi.org/10.1016/0029-5582(87)90021-6",
url = "http://www.sciencedirect.com/science/article/pii/0029558287900216",
author = "D.M. Brink"
}

@article{OTUKA2014272,
title = "Towards a More Complete and Accurate Experimental Nuclear Reaction Data Library (EXFOR): International Collaboration Between Nuclear Reaction Data Centres (NRDC)",
journal = "Nuclear Data Sheets",
volume = "120",
pages = "272 - 276",
year = "2014",
issn = "0090-3752",
doi = "https://doi.org/10.1016/j.nds.2014.07.065",
url = "http://www.sciencedirect.com/science/article/pii/S0090375214005171",
author = "N. Otuka and E. Dupont and V. Semkova and B. Pritychenko and A.I. Blokhin and M. Aikawa and S. Babykina and M. Bossant and G. Chen and S. Dunaeva and R.A. Forrest and T. Fukahori and N. Furutachi and S. Ganesan and Z. Ge and O.O. Gritzay and M. Herman and S. Hlavač and K. Katō and B. Lalremruata and Y.O. Lee and A. Makinaga and K. Matsumoto and M. Mikhaylyukova and G. Pikulina and V.G. Pronyaev and A. Saxena and O. Schwerer and S.P. Simakov and N. Soppera and R. Suzuki and S. Takács and X. Tao and S. Taova and F. Tárkányi and V.V. Varlamov and J. Wang and S.C. Yang and V. Zerkin and Y. Zhuang"
}

@article{IAEACPR,
title="Charged Particle Cross-Section Database for Medical Radioisotope Production: Diagnostic Radioisotopes and Monitor Reactions Final Report of a Co-ordinated Research Project",
journal="International Atomic Energy Agency, Vienna, Austria ",
author="IAEA",
year="2001",
month="May",
url="https://www-nds.iaea.org/publications/tecdocs/iaea-tecdoc-1211/"
}


@article{MCNP,
title="Initial MCNP6 release Overview – MCNP6 version 1.0",
author="J.T. Goorley, M.R. James, T.E. Booth, F.B. Brown, J.S. Bull, L.J. Cox, J.W.J.
Durkee, J.S. Elson, M.L. Fensin, R.A.I. Forster, J.S. Hendricks, H.G.I. Hughes,
R.C. Johns, B.C. Kiedrowski, R.L. Martz, S.G. Mashnik, G.W. McKinney, D.B.
Pelowitz, R.E. Prael, J.E. Sweezy, L.S. Waters, T. Wilcox, A.J. Zukaitis",
journal="Los Alamos Report LA-UR-13-22934",
year="2013"
}

@article{BOLL2005667,
title = "Production of actinium-225 for alpha particle mediated radioimmunotherapy",
journal = "Applied Radiation and Isotopes",
volume = "62",
number = "5",
pages = "667 - 679",
year = "2005",
issn = "0969-8043",
doi = "https://doi.org/10.1016/j.apradiso.2004.12.003",
url = "http://www.sciencedirect.com/science/article/pii/S0969804304006013",
author = "Rose A. Boll and Dairin Malkemus and Saed Mirzadeh",
keywords = "Bismuth-213, Actinium-225, Radium-225, Thorium-229, Radiochemical processing, Ion exchange chromatography, Alpha-radioimmunotherapy, Myeloid leukemia"
}

@article{doi:10.1021/ac0580114,
author = {Apostolidis, C. and Molinet, R. and Rasmussen, G. and Morgenstern, A.},
title = {Production of Ac-225 from Th-229 for Targeted α Therapy},
journal = {Analytical Chemistry},
volume = {77},
number = {19},
pages = {6288-6291},
year = {2005},
doi = {10.1021/ac0580114},
    note ={PMID: 16194090},

URL = { 
        https://doi.org/10.1021/ac0580114
    
},
eprint = { 
        https://doi.org/10.1021/ac0580114
    
}

}




@article{HERMAN20072655,
title = "EMPIRE: Nuclear Reaction Model Code System for Data Evaluation",
journal = "Nuclear Data Sheets",
volume = "108",
number = "12",
pages = "2655 - 2715",
year = "2007",
note = "Special Issue on Evaluations of Neutron Cross Sections",
issn = "0090-3752",
doi = "https://doi.org/10.1016/j.nds.2007.11.003",
url = "http://www.sciencedirect.com/science/article/pii/S0090375207000981",
author = "M. Herman and R. Capote and B.V. Carlson and P. Obložinský and M. Sin and A. Trkov and H. Wienke and V. Zerkin"
}

@article{GRAVES201644,
title = "Nuclear excitation functions of proton-induced reactions (Ep=35–90MeV) from Fe, Cu, and Al",
journal = "Nuclear Instruments and Methods in Physics Research Section B: Beam Interactions with Materials and Atoms",
volume = "386",
pages = "44 - 53",
year = "2016",
issn = "0168-583X",
doi = "https://doi.org/10.1016/j.nimb.2016.09.018",
url = "http://www.sciencedirect.com/science/article/pii/S0168583X16303998",
author = "Stephen A. Graves and Paul A. Ellison and Todd E. Barnhart and Hector F. Valdovinos and Eva R. Birnbaum and Francois M. Nortier and Robert J. Nickles and Jonathan W. Engle",
keywords = "Fe+p, Cu+p, Iron, Copper, Aluminum, Proton irradiation, Proton transport, Radionuclide production, Stacked foils, Nuclear cross sections, Medical radionuclides, Monitor reactions, LANL"
}